@article{sacks1989,
  title={Design and analysis of computer experiments},
  author={Sacks, Jerome and Welch, William J and Mitchell, Toby J and Wynn, Henry P},
  journal={Statistical science},
  pages={409--423},
  year={1989},
  publisher={JSTOR}
}

@article{mckay1979,
  title={Comparison of three methods for selecting values of input variables in the analysis of output from a computer code},
  author={McKay, Michael D and Beckman, Richard J and Conover, William J},
  journal={Technometrics},
  volume={21},
  number={2},
  pages={239--245},
  year={1979},
  publisher={Taylor \& Francis}
}

@article{floudas2009,
  title={A review of recent advances in global optimization},
  author={Floudas, Christodoulos A and Gounaris, Chrysanthos E},
  journal={Journal of Global Optimization},
  volume={45},
  number={1},
  pages={3--38},
  year={2009},
  publisher={Kluwer Academic Publishers}
}

@article{davies1954,
  title={The design and analysis of industrial experiments.},
  author={Davies, Owen L and others},
  journal={The design and analysis of industrial experiments.},
  year={1954},
  publisher={Oliver \& Boyd, London.}
}

@book{montgomery,
  title={Design and analysis of experiments},
  author={Montgomery, Douglas C},
  year={2013},
  publisher={John wiley \& sons}
}

@article{triefenbach2008,
  title={Design of experiments: the D-optimal approach and its implementation as a computer algorithm},
  author={Triefenbach, Fabian},
  journal={Bachelor's Thesis in Information and Communication Technology},
  year={2008},
  publisher={Citeseer}
}

@article{aguiar1995,
  title={D-optimal designs},
  author={de Aguiar, P Fernandes and Bourguignon, B and Khots, MS and Massart, DL and Phan-Than-Luu, R},
  journal={Chemometrics and Intelligent Laboratory Systems},
  volume={30},
  number={2},
  pages={199--210},
  year={1995},
  publisher={Elsevier}
}

@book{pukelsheim1993,
  title={Optimal design of experiments},
  author={Pukelsheim, Friedrich},
  volume={50},
  year={1993},
  publisher={siam}
}

@article{pronzato2012,
  title={Design of computer experiments: space filling and beyond},
  author={Pronzato, Luc and M{\"u}ller, Werner G},
  journal={Statistics and Computing},
  volume={22},
  number={3},
  pages={681--701},
  year={2012},
  publisher={Springer}
}

@article{johnson1990,
  title={Minimax and maximin distance designs},
  author={Johnson, Mark E and Moore, Leslie M and Ylvisaker, Donald},
  journal={Journal of statistical planning and inference},
  volume={26},
  number={2},
  pages={131--148},
  year={1990},
  publisher={Elsevier}
}

@article{vandam2007,
  title={Maximin Latin hypercube designs in two dimensions},
  author={Van Dam, Edwin R and Husslage, Bart and Den Hertog, Dick and Melissen, Hans},
  journal={Operations Research},
  volume={55},
  number={1},
  pages={158--169},
  year={2007},
  publisher={INFORMS}
}

@article{tang1993,
  title={Orthogonal array-based Latin hypercubes},
  author={Tang, Boxin},
  journal={Journal of the American statistical association},
  volume={88},
  number={424},
  pages={1392--1397},
  year={1993},
  publisher={Taylor \& Francis}
}

@article{leary2003,
  title={Optimal orthogonal-array-based latin hypercubes},
  author={Leary, Stephen and Bhaskar, Atul and Keane, Andy},
  journal={Journal of Applied Statistics},
  volume={30},
  number={5},
  pages={585--598},
  year={2003},
  publisher={Taylor \& Francis}
}

@article{deutsch2012,
  title={Latin hypercube sampling with multidimensional uniformity},
  author={Deutsch, Jared L and Deutsch, Clayton V},
  journal={Journal of Statistical Planning and Inference},
  volume={142},
  number={3},
  pages={763--772},
  year={2012},
  publisher={Elsevier}
}

@article{morar2017,
  title={Initialization of Bayesian Optimization Viewed as Part of a Larger Algorithm Portfolio},
  author={Morar, Marius Tudor and Knowles, Joshua and Sampaio, Sandra},
  year={2017}
}
